<?xml version="1.0" encoding="UTF-8"?><collection xmlns="http://www.loc.gov/MARC21/slim"><record><leader>00414nam--2200145-i-4500</leader><controlfield tag="001">000030458</controlfield><controlfield tag="002">20161230</controlfield><controlfield tag="005">20161230201038</controlfield><controlfield tag="008">060222s1000------------r-----000-0-eng-d</controlfield><datafield ind1=" " ind2=" " tag="080"><subfield code="a">621.382</subfield></datafield><datafield ind1=" " ind2=" " tag="100"><subfield code="a">Maggetto, Gaston</subfield></datafield><datafield ind1=" " ind2=" " tag="245"><subfield code="a">Le thyristor: definitions-protections-commandes</subfield></datafield><datafield ind1=" " ind2=" " tag="260"><subfield code="a">Bruxelles, Press Universitaires De Bruxelles, 1971. 264p</subfield></datafield><datafield ind1=" " ind2=" " tag="490"><subfield code="a">Le Thyristor En Electrotechnique</subfield></datafield><datafield ind1=" " ind2=" " tag="852"><subfield code="a">40969</subfield></datafield></record></collection>